
@Misc{IEEE802_3,
	title        = {IEEE 802.3},
	howpublished = {\url{http://www.ieee802.org/3/}},
	note         = {Abgerufen: 09.04.2018},
}

@Misc{IEEE802_1,
	title        = {IEEE 802.1},
	howpublished = {\url{http://www.ieee802.org/1/}},
	note         = {Abgerufen: 10.04.2018},
}

@Misc{IEEE802_1AS,
	title        = {IEEE 802.1AS-Rev},
	howpublished = {\url{https://1.ieee802.org/tsn/802-1as-rev/}},
	note         = {Abgerufen: 16.04.2018},
}

@Misc{IEEE802_1Qbu,
	title        = {IEEE 802.1Qbu},
	howpublished = {\url{http://www.ieee802.org/1/pages/802.1bu.html}},
	note         = {Abgerufen: 16.04.2018},
}

@Misc{IEEE802_1Qbu,
	title        = {IEEE 802.1Qbv},
	howpublished = {\url{http://www.ieee802.org/1/pages/802.1bv.html}},
	note         = {Abgerufen: 16.04.2018},
}

@Misc{IEEE802_1Qca,
	title        = {IEEE 802.1Qca},
	howpublished = {\url{http://www.ieee802.org/1/pages/802.1ca.html}},
	note         = {Abgerufen: 16.04.2018},
}

@Misc{IEEE802_1CB,
	title        = {IEEE 802.1CB},
	howpublished = {\url{https://1.ieee802.org/tsn/802-1cb/}},
	note         = {Abgerufen: 16.04.2018},
}

@Misc{IEEE802_1Qcc,
	title        = {IEEE 802.1Qcc},
	howpublished = {\url{https://1.ieee802.org/tsn/802-1qcc/}},
	note         = {Abgerufen: 16.04.2018},
}

@Misc{IEEE802_1Qch,
	title        = {IEEE 802.1Qch},
	howpublished = {\url{https://1.ieee802.org/tsn/802-1qch/}},
	note         = {Abgerufen: 16.04.2018},
}

@Misc{IEEE802_1CM,
	title        = {IEEE 802.1CM},
	howpublished = {\url{https://1.ieee802.org/tsn/802-1cm/}},
	note         = {Abgerufen: 16.04.2018},
}

@Misc{IEEE802_1Qci,
	title        = {IEEE 802.1Qci},
	howpublished = {\url{https://1.ieee802.org/tsn/802-1qci/}},
	note         = {Abgerufen: 16.04.2018},
}

@Misc{IEEE802_1Qca,
	title        = {IEEE 802.1Qca},
	howpublished = {\url{http://www.ieee802.org/1/pages/802.1ca.html}},
	note         = {Abgerufen: 16.04.2018},
}

@Misc{IEEE802_1Qcr,
	title        = {IEEE 802.1Qcr},
	howpublished = {\url{https://1.ieee802.org/tsn/802-1qcr/}},
	note         = {Abgerufen: 16.04.2018},
}

@Misc{IEEE802_1CM,
	title        = {IEEE 802.1CM},
	howpublished = {\url{https://1.ieee802.org/tsn/802-1cm/}},
	note         = {Abgerufen: 16.04.2018},
}

@Misc{IEEE802_1AE,
	title        = {IEEE 802.1AE},
	howpublished = {\url{https://1.ieee802.org/security/802-1ae/}},
	note         = {Abgerufen: 14.05.2018},
}

@Misc{IEEE802_1AE_SEC,
	title        = {IEEE Standard for Local and metropolitan area networks: Media Access Control (MAC) Security},
	howpublished = {\url{http://www.ieee802.org/1/files/public/docs2010/new-seaman-1AE-markup-for-gcm-aes-256-0710-v2.pdf}},
	note         = {Abgerufen: 30.05.2018},
}

@Misc{determinismus,
	title        = {Dan Des Ruisseaux. Designing a Deterministic Ethernet Network (Whitepaper): Industrial Communication. Hrsg. von Schneider Electric Industries SAS},
	howpublished = {\url{http://www.schneider-electric.co.uk/documents/solutions/process-automation/open-connectivity/Designing%20a%20Deterministic%20Ethernet%20Network.PDF}},
	note         = {Abgerufen: 23.05.2018},
}

@Misc{EthernetType,
	title        = {IEEE 802 Numbers},
	howpublished = {\url{https://www.iana.org/assignments/ieee-802-numbers/ieee-802-numbers.xhtml}},
	note         = {Abgerufen: 30.05.2018},
}

@Misc{AutomatisiertesFahren,
	title        = {Automatisiertes Fahren},
	howpublished = {\url{https://www.vda.de/de/themen/innovation-und-technik/automatisiertes-fahren/automatisiertes-fahren.html}},
	note         = {Abgerufen: 07.06.2018},
}

@Misc{HeterogenesNetzwerk,
	title        = {Heterogenes Netzwerk},
	howpublished = {\url{https://www.itwissen.info/Heterogenes-Netzwerk-heterogeneous-network.html}},
	note         = {Abgerufen: 26.06.2018},
}

