@BOOK{Network,
	AUTHOR = { Andrew S. Tanenbaum },
	YEAR = {2011},
	TITLE = {Computer Network},
	EDITION = {5.},
	ISBN = {978-0-13-212695-3},
	PUBLISHER = {Pearson Education},
	ADDRESS = {Boston},
}

@BOOK{GrundlagenNetwork,
	AUTHOR = { Peter Mandl, Andreas Bakomenko, Johannes Weiß },
	YEAR = {2008},
	TITLE = {Grundkurs Datenkommunikation},
	EDITION = {1.},
	ISBN = {978-3-8348-0517-1},
	PUBLISHER = {Vieweg+Teubner GWV Fachverlage GmbH},
	ADDRESS = {Wiesbaden},
}

@BOOK{CharacterizingNetwork,
	AUTHOR = {R. Ramaswamy, Ning Weng, T. Wolf. },
	YEAR = {2004},
	TITLE = {Characterizing network processing delay},
	EDITION = {1.},
	ISBN = {0-7803-8794-5},
	PUBLISHER = {IEEE Global Telecommunications Conference, 2004},
	ADDRESS = {GLOBECOM ’04. IEEE},
	
}

@BOOK{ComputerNetworking,
	AUTHOR = { James F. Kurose, Keith W. Ross },
	YEAR = {2013},
	TITLE = {Computer networking: A top-down approach},
	EDITION = {6.},
	ISBN = { 978-0-13-285620-1},
	PUBLISHER = {Pearson Education, Inc},
	ADDRESS = {New Jersey},
}


@BOOK{AutomotiveApplications,
	AUTHOR = {Gereon Meyer},
	YEAR = {2012},
	TITLE = {Advanced Microsystems for Automotive Applications 2012},
	EDITION = {6.},
	ISBN = { 978-3-642-29672-7 },
	PUBLISHER = { Springer-Verlag },
	ADDRESS = {Berlin Heidelberg},
}

@BOOK{AutomotiveEthernet,
	AUTHOR = {Matheus Kirsten, Thomas Königseder},
	YEAR = {2017},
	TITLE = {Automotive Ethernet},
	EDITION = {2.},
	ISBN = { 978-110-718-322-3 },
	PUBLISHER = { Cambridge University Press },
	ADDRESS = {Cambridge, United Kingdom},
}

@BOOK{SDNBook,
	AUTHOR = {Paul Goransson, Chuck Black, Timothy Culver},
	YEAR = {2017},
	TITLE = {Software defined networks: A comprehensive approach},
	EDITION = {2.},
	ISBN = { 978-012-804-555-8 },
	PUBLISHER = { MA: Morgan Kaufmann },
	ADDRESS = {Cambridge},
}

@BOOK{Schutzziel,
	AUTHOR = {Claudia Eckert},
	YEAR = {2014},
	TITLE = {IT-Sicherheit: Konzepte - Verfahren - Protokolle},
	EDITION = {9.},
	ISBN = { 978-348-685-916-4 },
	PUBLISHER = {Walter de Gruyter GmbH \& Co KG},
	ADDRESS = {Berlin},
}

@BOOK{Rest,
	AUTHOR = {Fernando Doglio},
	YEAR = {2015},
	TITLE = {Pro REST API Development with Node.js},
	EDITION = {1.},
	ISBN = { 978-1-4842-0918-9  },
	PUBLISHER = {Springer-Verlag},
	ADDRESS = {Berlin Heidelberg},
}

@BOOK{AVBBook,
	AUTHOR = {Philipp Meyer},
	YEAR = {2014},
	TITLE = {Extending IEEE 802.1 AVB with time-triggered scheduling:
	A simulation study of the coexistence of synchronous and asynchronous traffic“.},
	EDITION = {1.},
	ISBN = { 978-1-4799-2687-9  },
	PUBLISHER = {IEEE},
	ADDRESS = {Boston, MA, USA},
}

@BOOK{FunctionalSafety,
	AUTHOR = {Hans-Leo Ross},
	YEAR = {2016},
	TITLE = {Functional Safety for Road Vehicles},
	EDITION = {1.},
	ISBN = { 978-3-319-33360-1  },
	PUBLISHER = {Springer-Verlag},
	ADDRESS = {Berlin Heidelberg},
}

@Misc{IEEE802_3,
	title        = {IEEE 802.3},
	key        = {IEEE 802.3},
	howpublished = {\url{http://www.ieee802.org/3/}},
	note         = {Abgerufen: 09.04.2018},
}

@Misc{IEEE802_1,
	title        = {IEEE 802.1},
	key        = {IEEE 802.1},
	howpublished = {\url{http://www.ieee802.org/1/}},
	note         = {Abgerufen: 10.04.2018},
}

@Misc{IEEE802_1AS,
	title        = {IEEE 802.1AS-Rev},
	key        = {IEEE 802.1AS-Rev},
	howpublished = {\url{https://1.ieee802.org/tsn/802-1as-rev/}},
	note         = {Abgerufen: 16.04.2018},
}

@Misc{IEEE802_1Qbu,
	title        = {IEEE 802.1Qbu},
	key        = {IEEE 802.1Qbu},
	howpublished = {\url{http://www.ieee802.org/1/pages/802.1bu.html}},
	note         = {Abgerufen: 16.04.2018},
}

@Misc{IEEE802_1Qbv,
	title        = {IEEE 802.1Qbv},
	key        = {IEEE 802.1Qbv},
	howpublished = {\url{http://www.ieee802.org/1/pages/802.1bv.html}},
	note         = {Abgerufen: 16.04.2018},
}

@Misc{IEEE802_1Qca,
	title        = {IEEE 802.1Qca},
	key        = {IEEE 802.1Qca},
	howpublished = {\url{http://www.ieee802.org/1/pages/802.1ca.html}},
	note         = {Abgerufen: 16.04.2018},
}

@Misc{IEEE802_1CB,
	title        = {IEEE 802.1CB},
	key        = {IEEE 802.1CB},
	howpublished = {\url{https://1.ieee802.org/tsn/802-1cb/}},
	note         = {Abgerufen: 16.04.2018},
}

@Misc{IEEE802_1Qcc,
	title        = {IEEE 802.1Qcc},
	key        = {IEEE 802.1Qcc},
	howpublished = {\url{https://1.ieee802.org/tsn/802-1qcc/}},
	note         = {Abgerufen: 16.04.2018},
}

@Misc{IEEE802_1Qch,
	title        = {IEEE 802.1Qch},
	key        = {IEEE 802.1Qch},
	howpublished = {\url{https://1.ieee802.org/tsn/802-1qch/}},
	note         = {Abgerufen: 16.04.2018},
}

@Misc{IEEE802_1CM,
	title        = {IEEE 802.1CM},
	key        = {IEEE 802.1CM},
	howpublished = {\url{https://1.ieee802.org/tsn/802-1cm/}},
	note         = {Abgerufen: 16.04.2018},
}

@Misc{IEEE802_1Qci,
	title        = {IEEE 802.1Qci},
	key        = {IEEE 802.1Qci},
	howpublished = {\url{https://1.ieee802.org/tsn/802-1qci/}},
	note         = {Abgerufen: 16.04.2018},
}

@Misc{IEEE802_1Qca,
	title        = {IEEE 802.1Qca},
	key        = {IEEE 802.1Qca},
	howpublished = {\url{http://www.ieee802.org/1/pages/802.1ca.html}},
	note         = {Abgerufen: 16.04.2018},
}

@Misc{IEEE802_1Qcr,
	title        = {IEEE 802.1Qcr},
	key        = {IEEE 802.1Qcr},
	howpublished = {\url{https://1.ieee802.org/tsn/802-1qcr/}},
	note         = {Abgerufen: 16.04.2018},
}

@Misc{IEEE802_1CM,
	title        = {IEEE 802.1CM},
	key        = {IEEE 802.1CM},
	howpublished = {\url{https://1.ieee802.org/tsn/802-1cm/}},
	note         = {Abgerufen: 16.04.2018},
}

@Misc{IEEE802_1AE,
	title        = {IEEE 802.1AE},
	key        = {IEEE 802.1AE},
	howpublished = {\url{https://1.ieee802.org/security/802-1ae/}},
	note         = {Abgerufen: 14.05.2018},
}

@Misc{IEEE802_1AE_SEC,
	title        = {IEEE Standard for Local and metropolitan area networks: Media Access Control (MAC) Security},
	key        = {IEEE Standard for Local and metropolitan area networks: Media Access Control (MAC) Security},
	howpublished = {\url{http://www.ieee802.org/1/files/public/docs2010/new-seaman-1AE-markup-for-gcm-aes-256-0710-v2.pdf}},
	note         = {Abgerufen: 30.05.2018},
}

@Misc{determinismus,
	title        = {Dan Des Ruisseaux. Designing a Deterministic Ethernet Network (Whitepaper): Industrial Communication. Hrsg. von Schneider Electric Industries SAS},
	key        = {Dan Des Ruisseaux. Designing a Deterministic Ethernet Network (Whitepaper): Industrial Communication. Hrsg. von Schneider Electric Industries SAS},
	howpublished = {\url{http://www.schneider-electric.co.uk/documents/solutions/process-automation/open-connectivity/Designing%20a%20Deterministic%20Ethernet%20Network.PDF}},
	note         = {Abgerufen: 23.05.2018},
}

@Misc{EthernetType,
	title        = {IEEE 802 Numbers},
	key        = {IEEE 802 Numbers},
	howpublished = {\url{https://www.iana.org/assignments/ieee-802-numbers/ieee-802-numbers.xhtml}},
	note         = {Abgerufen: 30.05.2018},
}

@Misc{AutomatisiertesFahren,
	title        = {Automatisiertes Fahren},
	key        = {Automatisiertes Fahren},
	howpublished = {\url{https://www.vda.de/de/themen/innovation-und-technik/automatisiertes-fahren/automatisiertes-fahren.html}},
	note         = {Abgerufen: 07.06.2018},
}

@Misc{HeterogenesNetzwerk,
	title        = {Heterogenes Netzwerk},
	key        = {Heterogenes Netzwerk},
	howpublished = {\url{https://www.itwissen.info/Heterogenes-Netzwerk-heterogeneous-network.html}},
	note         = {Abgerufen: 26.06.2018},
}

@Misc{BestMasterClock,
	title        = {Specialization of IEEE 1588 Best Master Clock Algorithm to 802.1AS},
	key        = {Specialization of IEEE 1588 Best Master Clock Algorithm to 802.1AS},
	howpublished = {\url{http://www.ieee802.org/1/files/public/docs2006/as-garner-bmc-060606.pdf}},
	note         = {Abgerufen: 04.07.2018},
}

@Misc{PTPSync,
	title        = {Precision clock synchronization protocol for networked measurement and control systems},
	key        = {Precision clock synchronization protocol for networked measurement and control systems},
	howpublished = {\url{https://ieeexplore.ieee.org/stamp/stamp.jsp?arnumber=4839002}},
	note         = {Abgerufen: 07.06.2018},
}

@Misc{ASILiso,
	title        = {Understanding How ISO 26262 ASIL is Determined for Automotive Applications},
	key        = {Understanding How ISO 26262 ASIL is Determined for Automotive Applications},
	howpublished = {\url{https://www.embitel.com/blog/embedded-blog/understanding-how-iso-26262-asil-is-determined-for-automotive-applications}},
	note         = {Abgerufen: 08.06.2018},
}

@Misc{ISO26262,
	title        = {Road vehicles — Functional safety},
	key        = {Road vehicles — Functional safety},
	howpublished = {\url{https://www.iso.org/obp/ui/#iso:std:iso:26262:-1:ed-1:v1:en}},
	note         = {Abgerufen: 11.07.2018},
}

@Misc{Safety-critical,
	title        = {Kernel-based Architecture for Safety-critical Control},
	key        = {Kernel-based Architecture for Safety-critical Control},
	howpublished = {\url{https://pdfs.semanticscholar.org/9e71/081cbdddc54f83bdaedb743113f04b7d223b.pdf?_ga=2.225926232.335041009.1531333031-98898336.1531333031}},
	note         = {Abgerufen: 13.06.2018},
}

@Misc{CreditBased,
	title        = {Echtzeitanwendungen mit Automotive Ethernet},
	key        = {Echtzeitanwendungen mit Automotive Ethernet},
	howpublished = {\url{https://www.elektroniknet.de/elektronik-automotive/bordnetz-vernetzung/echtzeitanwendungen-mit-automotive-ethernet-113002.html}},
	note         = {Abgerufen: 20.06.2018},
}

@Misc{AVB,
	title        = {Heterogeneous Networks for Audio and Video:
	Using IEEE 802.1 Audio Video Bridging},
	key        = {Heterogeneous Networks for Audio and Video:
	Using IEEE 802.1 Audio Video Bridging},
	howpublished = {\url{https://ieeexplore.ieee.org/document/6595589/}},
	note         = {Abgerufen: 10.07.2018},
}

@Misc{JSON,
	title        = {ECMA-404 The JSON Data Interchange Standard},
	key        = {ECMA-404 The JSON Data Interchange Standard},
	howpublished = {\url{https://www.json.org/json-de.html}},
	note         = {Abgerufen: 20.04.2018},
}

@Misc{BMC,
	title        = {Use of IEEE 1588 Best Master Clock
	Algorithm in IEEE 802.1AS},
	key        = {Use of IEEE 1588 Best Master Clock
	Algorithm in IEEE 802.1AS},
	howpublished = {\url{http://www.ieee802.org/1/files/public/docs2006/as-garner-use-of-bmc-061114.pdf}},
	note         = {Abgerufen: 05.08.2018},
}

@Misc{QIC,
	title        = {Bridges and Bridged Networks—
	Amendment 28: Per-Stream Filtering and Policing},
	key        = {Bridges and Bridged Networks—
	Amendment 28: Per-Stream Filtering and Policing},
	howpublished = {\url{https://ieeexplore.ieee.org/stamp/stamp.jsp?tp=&arnumber=8064221}},
	note         = {Abgerufen: 05.08.2018},
}

@Misc{Urbanisierung,
	title        = {Die rapide Urbanisierung sorgt für Dynamik im Depot},
	key        =  {Die rapide Urbanisierung sorgt für Dynamik im Depot},
	howpublished = {\url{http://www.dasinvestment.com/neues-anlagethema-smart-cities-die-rapide-urbanisierung-sorgt-fuer-dynamik-im-depot/}},
	note         = {Abgerufen: 06.08.2018},
}

@Misc{BMW,
	title        = {Autonomes Fahren: Deutschland und China wollen die Marktführerschaft},
	key        =  {Autonomes Fahren: Deutschland und China wollen die Marktführerschaft},
	howpublished = {\url{https://www.kfz-betrieb.vogel.de/autonomes-fahren-deutschland-
	und-china-wollen-die-marktfuehrerschaft-a-732277/}},
	note         = {Abgerufen: 06.08.2018},
}

@Misc{BMVI,
	title        = {Automatisiertes und vernetztes Fahren},
	key        =  {Automatisiertes und vernetztes Fahren},
	howpublished = {\url{https://www.bmvi.de/DE/Themen/Digitales/Automatisiertes-
	und-vernetztes-Fahren/automatisiertes-und-vernetztes-fahren.html}},
	note         = {Abgerufen: 08.08.2018},
}

