@book{knapp_zeratsky_kowitz_2016, 
	place={London}, 
	title={Sprint: how to solve big problems and test new ideas in just five days}, 
	publisher={Bantam Press}, 
	author={Knapp, Jake and Zeratsky, John and Kowitz, Braden}, 
	year={2016}
}
